<?xml version="1.0" encoding="UTF-8"?><collection xmlns="http://www.loc.gov/MARC21/slim"><record><leader>00465nam--2200157-i-4500</leader><controlfield tag="001">000042304</controlfield><controlfield tag="002">20161230</controlfield><controlfield tag="005">20170122223527</controlfield><controlfield tag="008">060222s1000------------r-----000-0-eng-d</controlfield><datafield ind1=" " ind2=" " tag="080"><subfield code="a">621.523:621.398</subfield></datafield><datafield ind1=" " ind2=" " tag="100"><subfield code="a">Sotskov, B. S</subfield></datafield><datafield ind1=" " ind2=" " tag="245"><subfield code="a">Bazelel calculului si proiectarii elementelor dispozitivelor de automatica si de telemecanica</subfield></datafield><datafield ind1=" " ind2=" " tag="260"><subfield code="a">Bucuresti</subfield><subfield code="b">Ed.Tehnica</subfield><subfield code="c">1956</subfield></datafield><datafield ind1=" " ind2=" " tag="300"><subfield code="a">564 p.+ Fig.+1 Pl.+erata</subfield></datafield><datafield ind1=" " ind2=" " tag="852"><subfield code="a">4504</subfield></datafield><datafield ind1=" " ind2=" " tag="CAT"><subfield code="a">SYS</subfield><subfield code="c">20170122</subfield><subfield code="h">223527</subfield></datafield></record></collection>